@article{atzeni2013, 
author={I. {Atzeni} and L. G. {Ord\'{o}\~{n}ez} and G. {Scutari} and D. P. {Palomar} and J. R. {Fonollosa}}, 
journal={IEEE Transactions on Smart Grid}, 
title={Demand-Side Management via Distributed Energy Generation and Storage Optimization}, 
year={2013}, 
volume={4}, 
number={2}, 
pages={866--876}
}

@article{sousa2019,
title = {Peer-to-peer and community-based markets: A comprehensive review},
journal = {Renewable and Sustainable Energy Reviews},
volume = {104},
pages = {367--378},
year = {2019},
author = {Tiago Sousa and Tiago Soares and Pierre Pinson and Fabio Moret and Thomas Baroche and Etienne Sorin},
}

@ARTICLE{sorin2019, 
author={E. {Sorin} and L. {Bobo} and P. {Pinson}}, 
journal={IEEE Transactions on Power Systems}, 
title={Consensus-Based Approach to Peer-to-Peer Electricity Markets With Product Differentiation}, 
year={2019}, 
volume={34}, 
number={2}, 
pages={994-1004}
}

@ARTICLE{hans2018, 
author={C A Hans and P Braun and J Raisch and L Gr{\"u}ne and C Reincke-Collon}, 
journal={IEEE Transactions on Sustainable Energy}, 
title={Hierarchical Distributed Model Predictive Control of Interconnected Microgrids}, 
year={2019}, 
volume={10}, 
number={1}, 
pages={407--416}}

@ARTICLE{barreiro2017,
author={J. {Barreiro-Gomez} and G. {Obando} and N. {Quijano}},
journal={IEEE Transactions on Systems, Man, and Cybernetics: Systems},
title={Distributed Population Dynamics: Optimization and Control Applications},
year={2017},
volume={47},
number={2},
pages={304-314}}

@article{lecadre2020,
title = {Peer-to-peer electricity market analysis: From variational to Generalized {Nash} Equilibrium},
journal = {European Journal of Operational Research},
volume = {282},
number = {2},
pages = {753--771},
year = {2020},
author = {H\'el\`ene {Le Cadre} and Paulin Jacquot and Cheng Wan and Cl\'emence Alasseur},
}

@article{parag2016,
  title={Electricity market design for the prosumer era},
  author={Parag, Yael and Sovacool, Benjamin K},
  journal={Nature energy},
  volume={1},
  number={4},
  pages={1--6},
  year={2016},
  publisher={Nature Publishing Group}
}

@article{lecadre2019,
title = {A game-theoretic analysis of transmission-distribution system operator coordination},
journal = {European Journal of Operational Research},
volume = {274},
number = {1},
pages = {317--339},
year = {2019},
author = {{Le Cadre}, H\'el\`ene  and Mezghani, Ily\`es  and Papavasiliou, Anthony}
}

@ARTICLE{yang2019,
  author={Z. {Yang} and K. {Xie} and J. {Yu} and H. {Zhong} and N. {Zhang} and Q. {Xia}},
  journal={IEEE Transactions on Power Systems}, 
  title={A General Formulation of Linear Power Flow Models: Basic Theory and Error Analysis}, 
  year={2019},
  volume={34},
  number={2},
  pages={1315-1324}}
  
@inproceedings{belgioioso2020energy,
  title={Energy Management and Peer-to-peer Trading in Future Smart Grids: A Distributed Game-Theoretic Approach},
  author={Belgioioso, Giuseppe and Ananduta, Wicak and Grammatico, Sergio and Ocampo-Martinez, Carlos},
  booktitle={2020 European Control Conference (ECC)},
  pages={1324--1329},
  year={2020},
  organization={IEEE}
}
  
  
  @INPROCEEDINGS{baroche2019,
  author={T. {Baroche} and F. {Moret} and P. {Pinson}},
  booktitle={Proceedings of 2019 IEEE Milan PowerTech}, 
  title={Prosumer Markets: A Unified Formulation}, 
  year={2019},
  pages={1-6}}
  
  @ARTICLE{moret2020,
  	author={F. {Moret} and A. {Tosatto} and T. {Baroche} and P. {Pinson}},
  	journal={IEEE Transactions on Power Systems}, 
  	title={Loss Allocation in Joint Transmission and Distribution Peer-to-Peer Markets}, 
  	year={2020},
  note={early access at https://doi.org/10.1109/TPWRS.2020.3025391}}

@ARTICLE{morstyn2019,
	author={T. {Morstyn} and A. {Teytelboym} and M. D. {McCulloch}},
	journal={IEEE Transactions on Power Systems}, 
	title={Designing Decentralized Markets for Distribution System Flexibility}, 
	year={2019},
	volume={34},
	number={3},
	pages={2128-2139}}



@ARTICLE{qin2018,

	author={J. {Qin} and R. {Rajagopal} and P. {Varaiya}},

	journal={IEEE Transactions on Control of Network Systems}, 

	title={Flexible Market for Smart Grid: Coordinated Trading of Contingent Contracts}, 

	year={2018},

	volume={5},

	number={4},

	pages={1657-1667}}

@ARTICLE{tushar2018,

	author={W. {Tushar} and C. {Yuen} and H. {Mohsenian-Rad} and T. {Saha} and H. V. {Poor} and K. L. {Wood}},

	journal={IEEE Signal Processing Magazine}, 

	title={Transforming Energy Networks via Peer-to-Peer Energy Trading: The Potential of Game-Theoretic Approaches}, 

	year={2018},

	volume={35},

	number={4},

	pages={90-111},

	doi={10.1109/MSP.2018.2818327}}


@article{liu2019,
	title = {Peer-to-peer {(P2P)} electricity trading in distribution systems of the future},
	journal = {The Electricity Journal},
	volume = {32},
	number = {4},
	pages = {2-6},
	year = {2019},
	author = {Yikui Liu and Lei Wu and Jie Li}
}

@ARTICLE{wang2021,

	author={Z. {Wang} and F. {Liu} and Z. {Ma} and Y. {Chen} and M. {Jia} and W. {Wei} and Q. {Wu}},

	journal={IEEE Transactions on Power Systems}, 

	title={Distributed Generalized {Nash} Equilibrium Seeking for Energy Sharing Games in Prosumers}, 

	year={2021},

	note={early access at https://doi.org/10.1109/TPWRS.2021.3058675}}


@ARTICLE{baroche2019b,

	author={T. {Baroche} and P. {Pinson} and R. L. G. {Latimier} and H. B. {Ahmed}},

	journal={IEEE Transactions on Power Systems}, 

	title={Exogenous Cost Allocation in Peer-to-Peer Electricity Markets}, 

	year={2019},

	volume={34},

	number={4},

	pages={2553-2564}}


@ARTICLE{paudel2020,

	author={A. {Paudel} and L. P. M. I. {Sampath} and J. {Yang} and H. B. {Gooi}},

	journal={IEEE Transactions on Smart Grid}, 

	title={Peer-to-Peer Energy Trading in Smart Grid Considering Power Losses and Network Fees}, 

	year={2020},

	volume={11},

	number={6},

	pages={4727-4737}}


@ARTICLE{paccagnan2019,

	author={D. {Paccagnan} and B. {Gentile} and F. {Parise} and M. {Kamgarpour} and J. {Lygeros}},

	journal={IEEE Transactions on Automatic Control}, 

	title={{N}ash and {Wardrop} Equilibria in Aggregative Games With Coupling Constraints}, 

	year={2019},

	volume={64},

	number={4},

	pages={1373-1388}}


@ARTICLE{belgioioso2020b,

	author={G. {Belgioioso} and A. {Nedich} and S. {Grammatico}},

	journal={IEEE Transactions on Automatic Control}, 

	title={Distributed generalized {N}ash equilibrium seeking in aggregative games on time-varying networks}, 

	year={2021},


	volume={66},

	number={5},

	pages={2061 - 2075}}


@article{yi2019,
	title = {An operator splitting approach for distributed generalized {N}ash equilibria computation},
	journal = {Automatica},
	volume = {102},
	pages = {111-121},
	year = {2019},
	author = {Peng Yi and Lacra Pavel}
}

@article{osqp,
	author  = {Stellato, B. and Banjac, G. and Goulart, P. and Bemporad, A. and Boyd, S.},
	title   = {{OSQP}: an operator splitting solver for quadratic programs},
	journal = {Mathematical Programming Computation},
	year    = {2020},
	volume  = {12},
	number  = {4},
	pages   = {637--672}
}

@misc{jasm,
	title = {{JASM} Data Platform},
	url = {https://data.sccer-jasm.ch},
	note = {{Accessed: 25-11-2020}}
}

@article{belgioioso2020semi,
  title={Semi-decentralized generalized {N}ash equilibrium seeking in monotone aggregative games},
  author={Belgioioso, Giuseppe and Grammatico, Sergio},
  journal={IEEE Transactions on Automatic Control},
  year={2021},
  publisher={IEEE}
}

@article{facchinei2010generalized,
  title={Generalized {N}ash equilibrium problems},
  author={Facchinei, Francisco and Kanzow, Christian},
  journal={Annals of Operations Research},
  volume={175},
  number={1},
  pages={177--211},
  year={2010},
  publisher={Springer}
}

@book{palomar2010convex,
  title={Convex optimization in signal processing and communications},
  author={Palomar, Daniel P and Eldar, Yonina C},
  year={2010},
  publisher={Cambridge {U}niversity {P}ress}
}

@article{bianchi2020fast,
  title={Fast generalized {N}ash equilibrium seeking under partial-decision information},
  author={Bianchi, Mattia and Belgioioso, Giuseppe and Grammatico, Sergio},
  journal={Automatica},
  volume={136},
  pages={110080},
  year={2022},
  publisher={Elsevier}
}

@article{gadjov2020single,
  title={Single-timescale distributed {GNE} seeking for aggregative games over networks via forward-backward operator splitting},
  author={Gadjov, Dian and Pavel, Lacra},
  journal={IEEE Transactions on Automatic Control},
  year={2020},
  note={early access at https://doi.org/10.1109/TAC.2020.3015354}
}

@article{paccagnan2018nash,
  title={Nash and {W}ardrop equilibria in aggregative games with coupling constraints},
  author={Paccagnan, Dario and Gentile, Basilio and Parise, Francesca and Kamgarpour, Maryam and Lygeros, John},
  journal={IEEE Transactions on Automatic Control},
  volume={64},
  number={4},
  pages={1373--1388},
  year={2019},
  publisher={IEEE}
}

@article{tushar2020,
	title = {A coalition formation game framework for peer-to-peer energy trading},
	journal = {Applied Energy},
	volume = {261},
	pages = {114436},
	year = {2020},
	author = {Wayes Tushar and Tapan Kumar Saha and Chau Yuen and M. Imran Azim and Thomas Morstyn and H. Vincent Poor and Dustin Niyato and Richard Bean}
}

@ARTICLE{cui2020,
	author={Cui, Shichang and Wang, Yan-Wu and Shi, Yang and Xiao, Jiang-Wen},
	journal={IEEE Transactions on Smart Grid}, 
	title={A New and Fair Peer-to-Peer Energy Sharing Framework for Energy Buildings}, 
	year={2020},
	volume={11},
	number={5},
	pages={3817-3826}}

@ARTICLE{zhang2020,
	
	author={Zhang, Kai and Troitzsch, Sebastian and Hanif, Sarmad and Hamacher, Thomas},
	
	journal={IEEE Transactions on Smart Grid}, 
	
	title={Coordinated Market Design for Peer-to-Peer Energy Trade and Ancillary Services in Distribution Grids}, 
	
	year={2020},
	
	volume={11},
	
	number={4},
	
	pages={2929-2941}}
	
@book{bauschke2011convex,
  title={Convex analysis and monotone operator theory in Hilbert spaces},
  author={Bauschke, Heinz H and Combettes, Patrick L},
  volume={408},
  year={2011},
  publisher={Springer}
}

@ARTICLE{molzahn2017, 
author={D. K. {Molzahn} and F. {D\"{o}rfler} and H. {Sandberg} and S. H. {Low} and S. {Chakrabarti} and R. {Baldick} and J. {Lavaei}}, 
journal={IEEE Transactions on Smart Grid}, 
title={A Survey of Distributed Optimization and Control Algorithms for Electric Power Systems}, 
year={2017}, 
volume={8}, 
number={6}, 
pages={2941--2962}}

@article{belgioioso2017convexity,
  title={On convexity and monotonicity in generalized aggregative games},
  author={Belgioioso, Giuseppe and Grammatico, Sergio},
  journal={IFAC-PapersOnLine},
  volume={50},
  number={1},
  pages={14338--14343},
  year={2017},
  publisher={Elsevier}
}

@article{bauschke2015projection,
  title={Projection methods: Swiss army knives for solving feasibility and best approximation problems with halfspaces},
  author={Bauschke, Heinz H and Koch, Valentin R},
  journal={Contemporary Mathematics},
  volume={636},
  pages={1--40},
  year={2015}
}

@article{jensen2010aggregative,
  title={Aggregative games and best-reply potentials},
  author={Jensen, Martin Kaae},
  journal={Economic theory},
  volume={43},
  number={1},
  pages={45--66},
  year={2010},
  publisher={Springer}
}

@article{kulkarni2012variational,
  title={On the variational equilibrium as a refinement of the generalized {N}ash equilibrium},
  author={Kulkarni, Ankur A and Shanbhag, Uday V},
  journal={Automatica},
  volume={48},
  number={1},
  pages={45--55},
  year={2012},
  publisher={Elsevier}
}

@article{belgioioso2021operationally,
  title={Operationally-Safe Peer-to-Peer Energy Trading in Distribution Grids: A Game-Theoretic Market-Clearing Mechanism},
  author={Belgioioso, Giuseppe and Ananduta, Wicak and Grammatico, Sergio and Ocampo-Martinez, Carlos},
  journal={arXiv preprint arXiv:2107.13444},
  year={2021}
}

@article{paccagnan2018efficiency,
  title={On the efficiency of {N}ash equilibria in aggregative charging games},
  author={Paccagnan, Dario and Parise, Francesca and Lygeros, John},
  journal={IEEE control systems letters},
  volume={2},
  number={4},
  pages={629--634},
  year={2018},
  publisher={IEEE}
}

@inproceedings{koutsoupias1999worst,
  title={Worst-case equilibria},
  author={Koutsoupias, Elias and Papadimitriou, Christos},
  booktitle={Annual Symposium on Theoretical Aspects of Computer Science},
  pages={404--413},
  year={1999},
  organization={Springer}
}

@article{facchinei201012,
  title={12. {N}ash equilibria: the variational approach},
  author={Facchinei, Francisco and Pang, Jong-Shi},
  journal={Convex optimization in signal processing and communications},
  pages={443},
  year={2010}
}

