% This file was created with JabRef 2.9.2.
% Encoding: MacRoman

@inproceedings{liang2017distributed,
  title={Distributed Nash equilibrium seeking of a class of aggregative games},
  author={Liang, Shu and Yi, Peng and Hong, Yiguang},
  booktitle={Control \& Automation (ICCA), 2017 13th IEEE International Conference on},
  pages={58--63},
  year={2017},
  organization={IEEE}
}

@article{salehisadaghiani2017admm,
  title={An ADMM Approach to the Problem of Nash Equilibrium Seeking},
  author={Salehisadaghiani, Farzad and Shi, Wei and Pavel, Lacra},
  journal={arXiv preprint arXiv:1707.01965},
  year={2017}
}


@article{belgioioso2017semi,
  title={Semi-Decentralized Nash Equilibrium Seeking in Aggregative Games With Separable Coupling Constraints and Non-Differentiable Cost Functions},
  author={Belgioioso, Giuseppe and Grammatico, Sergio},
  journal={IEEE control systems letters},
  volume={1},
  number={2},
  pages={400--405},
  year={2017},
  publisher={IEEE}
}

@article{ryu2016primer,
  title={A PRIMER ON MONOTONE OPERATOR METHODS},
  author={RYU, ERNEST K and BOYD, STEPHEN},
  journal={Appl. Comput. Math},
  volume={15},
  number={1},
  pages={3--43},
  year={2016}
}

@article{parise2017distributed,
  title={A distributed algorithm for average aggregative games with coupling constraints},
  author={Parise, Francesca and Gentile, Basilio and Lygeros, John},
  journal={arXiv preprint arXiv:1706.04634},
  year={2017}
}

%

@article{yi2017distributed,
  title={A distributed primal-dual algorithm for computation of generalized Nash equilibria with shared affine coupling constraints via operator splitting methods},
  author={Yi, Peng and Pavel, Lacra},
  journal={arXiv preprint arXiv:1703.05388},
  year={2017}
}

@article{koshal2016distributed,
  title={Distributed algorithms for aggregative games on graphs},
  author={Koshal, Jayash and Nedi{\'c}, Angelia and Shanbhag, Uday V},
  journal={Operations Research},
  volume={64},
  number={3},
  pages={680--704},
  year={2016},
  publisher={INFORMS}
}

@inproceedings{belgioioso2019distributed,
  title={A distributed proximal-point algorithm for nash equilibrium seeking in generalized potential games with linearly coupled cost functions},
  author={Belgioioso, Giuseppe and Grammatico, Sergio},
  booktitle={2019 18th European Control Conference (ECC)},
  pages={1--6},
  year={2019},
  organization={IEEE}
}

@article{belgioioso2020semi,
  title={Semi-decentralized generalized Nash equilibrium seeking in monotone aggregative games},
  author={Belgioioso, Giuseppe and Grammatico, Sergio},
  journal={arXiv preprint arXiv:2003.04031},
  year={2020}
}